<?xml version="1.0" encoding="UTF-8"?><record xmlns="http://www.loc.gov/MARC21/slim" xmlns:cinclude="http://apache.org/cocoon/include/1.0" xmlns:zs="http://www.loc.gov/zing/srw/">
  <leader>00416cz  a2200133n  4500</leader>
  <controlfield tag="001">n 2011007532</controlfield>
  <controlfield tag="003">DLC</controlfield>
  <controlfield tag="005">20110204074930.0</controlfield>
  <controlfield tag="008">110203n| acannaabn          |a aaa      </controlfield>
  <datafield tag="010" ind1=" " ind2=" ">
    <subfield code="a">n 2011007532</subfield>
  </datafield>
  <datafield tag="040" ind1=" " ind2=" ">
    <subfield code="a">DLC</subfield>
    <subfield code="b">eng</subfield>
    <subfield code="c">DLC</subfield>
  </datafield>
  <datafield tag="100" ind1="1" ind2=" ">
    <subfield code="a">Krone-Germann, Irenka,</subfield>
    <subfield code="d">1969-</subfield>
  </datafield>
  <datafield tag="400" ind1="1" ind2=" ">
    <subfield code="a">Germann, Irenka Krone-</subfield>
  </datafield>
  <datafield tag="670" ind1=" " ind2=" ">
    <subfield code="a">Part-time employment in Switzerland, c2011:</subfield>
    <subfield code="b">ECIP t.p. (Irenka Krone-Germann) data view (b. Sept. 9, 1969)</subfield>
  </datafield>
</record>